<record xmlns="http://www.loc.gov/MARC21/slim">
   <leader>02981cam a2200397 i 4500</leader>
   <controlfield tag="001">6775973</controlfield>
   <controlfield tag="003">OCoLC</controlfield>
   <controlfield tag="005">20150105171526.0</controlfield>
   <controlfield tag="008">140812t20152015ne b     b    001 0 eng  </controlfield>
   <datafield ind1=" " ind2=" " tag="010">
      <subfield code="a">  2014032463</subfield>
   </datafield>
   <datafield ind1=" " ind2=" " tag="020">
      <subfield code="a">9789004276406 (hardback : alk. paper)</subfield>
   </datafield>
   <datafield ind1=" " ind2=" " tag="020">
      <subfield code="a">9004276408 (hardback : alk. paper)</subfield>
   </datafield>
   <datafield ind1=" " ind2=" " tag="020">
      <subfield code="z">9789004276413 (e-book)</subfield>
   </datafield>
   <datafield ind1=" " ind2=" " tag="040">
      <subfield code="a">DLC</subfield>
      <subfield code="b">eng</subfield>
      <subfield code="e">rda</subfield>
      <subfield code="c">DLC</subfield>
      <subfield code="d">ERASA</subfield>
      <subfield code="d">YDXCP</subfield>
      <subfield code="d">CHVBK</subfield>
      <subfield code="d">BTCTA</subfield>
      <subfield code="d">UAB</subfield>
   </datafield>
   <datafield ind1=" " ind2=" " tag="042">
      <subfield code="a">pcc</subfield>
   </datafield>
   <datafield ind1=" " ind2=" " tag="043">
      <subfield code="a">n------</subfield>
      <subfield code="a">s------</subfield>
      <subfield code="a">cc-----</subfield>
   </datafield>
   <datafield ind1="0" ind2="0" tag="050">
      <subfield code="a">KDZ561</subfield>
      <subfield code="b">.V66 2015</subfield>
   </datafield>
   <datafield ind1="0" ind2="0" tag="082">
      <subfield code="a">342.708/3</subfield>
      <subfield code="2">23</subfield>
   </datafield>
   <datafield ind1=" " ind2=" " tag="090">
      <subfield code="a">KDZ 561 V66 2015</subfield>
      <subfield code="b">AEU</subfield>
   </datafield>
   <datafield ind1="1" ind2=" " tag="100">
      <subfield code="a">Vonk, Olivier W.</subfield>
      <subfield code="e">author.</subfield>
   </datafield>
   <datafield ind1="1" ind2="0" tag="245">
      <subfield code="a">Nationality law in the Western Hemisphere :</subfield>
      <subfield code="b">a study on grounds for acquisition and loss of citizenship in the Americas and the Caribbean /</subfield>
      <subfield code="c">by Olivier Vonk.</subfield>
   </datafield>
   <datafield ind1=" " ind2="1" tag="264">
      <subfield code="a">Leiden, The Netherlands ;</subfield>
      <subfield code="a">Boston :</subfield>
      <subfield code="b">Brill Nijhoff,</subfield>
      <subfield code="c">[2015]</subfield>
   </datafield>
   <datafield ind1=" " ind2="4" tag="264">
      <subfield code="c">©2015</subfield>
   </datafield>
   <datafield ind1=" " ind2=" " tag="300">
      <subfield code="a">xii, 414 pages :</subfield>
      <subfield code="b">maps ;</subfield>
      <subfield code="c">25 cm</subfield>
   </datafield>
   <datafield ind1=" " ind2=" " tag="336">
      <subfield code="a">text</subfield>
      <subfield code="b">txt</subfield>
      <subfield code="2">rdacontent</subfield>
   </datafield>
   <datafield ind1=" " ind2=" " tag="337">
      <subfield code="a">unmediated</subfield>
      <subfield code="b">n</subfield>
      <subfield code="2">rdamedia</subfield>
   </datafield>
   <datafield ind1=" " ind2=" " tag="338">
      <subfield code="a">volume</subfield>
      <subfield code="b">nc</subfield>
      <subfield code="2">rdacarrier</subfield>
   </datafield>
   <datafield ind1=" " ind2=" " tag="504">
      <subfield code="a">Includes bibliographical references (pages 401-411) and index.</subfield>
   </datafield>
   <datafield ind1="0" ind2=" " tag="505">
      <subfield code="a">Part 1. Nationality law in the western hemisphere : setting the scene -- Non-sovereign Caribbean territories that belong to Britain, France, the Netherlands, or the United States -- Key observations from the nationality law-related case law of the Inter-American Court of Human Rights -- On modes of acquisition and loss of nationality : the European Union democracy observatory on citizenship typology -- Part 2. Grounds for acquisition and loss of citizenship in the independent nation-states of the Western Hemisphere -- Introduction to the country analyses -- Comparative conclusions by individual mode of acquisition and mode of loss of citizenship.</subfield>
   </datafield>
   <datafield ind1="8" ind2=" " tag="520">
      <subfield code="a">In 'Nationality Law in the Western Hemisphere', Olivier Vonk provides the first comprehensive overview in English of the grounds for acquisition and loss of citizenship in the thirty-five independent countries in the Americas and the Caribbean. Employing a typology developed by the European Union Democracy Observatory on Citizenship, he convincingly shows that different nationality laws can be compared by using a systematic analytical grid. The individual country chapters additionally pay due regard to issues such as dual citizenship and statelessness, and include thorough historical observations as well as extensive bibliographical references for each state. 'Nationality Law in the Western Hemisphere' allows academics, practitioners, governments and international organizations to assess nationality legislation beyond a purely national context.</subfield>
   </datafield>
   <datafield ind1=" " ind2=" " tag="596">
      <subfield code="a">45</subfield>
   </datafield>
   <datafield ind1=" " ind2="0" tag="650">
      <subfield code="a">Emigration and immigration law</subfield>
      <subfield code="z">America.</subfield>
   </datafield>
   <datafield ind1=" " ind2="0" tag="650">
      <subfield code="a">Naturalization</subfield>
      <subfield code="z">America.</subfield>
   </datafield>
   <datafield ind1=" " ind2="0" tag="650">
      <subfield code="a">Citizenship, Loss of</subfield>
      <subfield code="z">America.</subfield>
   </datafield>
   <datafield ind1=" " ind2=" " tag="949">
      <subfield code="a">KDZ 561 V66 2015</subfield>
      <subfield code="c">1</subfield>
      <subfield code="h">UALA-B</subfield>
      <subfield code="i">0162035220522</subfield>
   </datafield>
   <datafield ind1=" " ind2=" " tag="926">
      <subfield code="a">KDZ 561 V66 2015</subfield>
      <subfield code="w">LC</subfield>
      <subfield code="c">1</subfield>
      <subfield code="i">0162035220522</subfield>
      <subfield code="l">ON_SHELF</subfield>
      <subfield code="m">UALAW</subfield>
      <subfield code="p">$150.00</subfield>
      <subfield code="r">Y</subfield>
      <subfield code="s">Y</subfield>
      <subfield code="t">BOOK</subfield>
      <subfield code="u">1/14/2015</subfield>
   </datafield>
</record>
